<?xml version="1.0" encoding="UTF-8"?><collection xmlns="http://www.loc.gov/MARC21/slim"><record><leader>00329nam--2200133-i-4500</leader><controlfield tag="001">000039495</controlfield><controlfield tag="002">20161230</controlfield><controlfield tag="005">20161230201042</controlfield><controlfield tag="008">060222s1000------------r-----000-0-eng-d</controlfield><datafield ind1=" " ind2=" " tag="080"><subfield code="a">621.372:621.391</subfield></datafield><datafield ind1=" " ind2=" " tag="100"><subfield code="a">Rogers,F.E</subfield></datafield><datafield ind1=" " ind2=" " tag="245"><subfield code="a">Illustrations in appl.network th</subfield></datafield><datafield ind1=" " ind2=" " tag="260"><subfield code="a">London, Butterworths, 1973. 228 P</subfield></datafield><datafield ind1=" " ind2=" " tag="852"><subfield code="a">42727</subfield></datafield></record></collection>